<?xml version="1.0" encoding="utf-8"?>
<record xmlns="http://www.loc.gov/MARC21/slim" xmlns:xsi="http://www.w3.org/2001/XMLSchema-instance" xsi:schemaLocation="http://www.loc.gov/MARC21/slim http://www.loc.gov/standards/marcxml/schema/MARC21slim.xsd">
	<leader>     nam a22        4500</leader>
	<controlfield tag="001">500477</controlfield>
	<controlfield tag="003">NNC</controlfield>
	<controlfield tag="006">m        d        </controlfield>
	<controlfield tag="007">cr cn |||m|||a</controlfield>
	<controlfield tag="008">170123s1891    ne      ob    000 0 ara  </controlfield>
	<datafield ind1=" " ind2=" " tag="040">
		<subfield code="a">NNU</subfield>
		<subfield code="b">eng</subfield>
		<subfield code="e">rda</subfield>
		<subfield code="c">NNU</subfield>
	</datafield>
	<datafield ind1="0" ind2=" " tag="041">
		<subfield code="a">ara</subfield>
		<subfield code="a">lat</subfield>
	</datafield>
	<datafield ind1="0" ind2="0" tag="050">
		<subfield code="a">G93</subfield>
		<subfield code="b">.I35 1960z</subfield>
	</datafield>
	<datafield ind1="1" ind2=" " tag="100">
		<subfield code="6">880-01</subfield>
		<subfield code="a">Ibn Rustah, Aḥmad ibn ʻUmar,</subfield>
		<subfield code="d">active 9th century-10th century.</subfield>
	</datafield>
	<datafield ind1="1" ind2="0" tag="240">
		<subfield code="6">880-02</subfield>
		<subfield code="a">Aʻlāq al-nafīsah.</subfield>
		<subfield code="k">Selections</subfield>
	</datafield>
	<datafield ind1="1" ind2="3" tag="245">
		<subfield code="6">880-03</subfield>
		<subfield code="a">al-Mujallad al-sābiʻ min kitāb al-Aʻlāq al-nafīsah /</subfield>
		<subfield code="c">taṣnīf Abī ʻAlī Aḥmad ibn ʻUmar ibn Rustah. Kitāb al-Buldān / taʼlīf Aḥmad ibn Yaʻqūb ibn Wāḍiḥ al-kātib al-maʻrūf bi-al-Yaʻqūbī.</subfield>
	</datafield>
	<datafield ind1="1" ind2="5" tag="246">
		<subfield code="a">Kitāb al-aʻlâk an-nafisa VII</subfield>
	</datafield>
	<datafield ind1=" " ind2=" " tag="260">
		<subfield code="6">880-04</subfield>
		<subfield code="a">Laydin :</subfield>
		<subfield code="b">Maṭbaʻ Brill,</subfield>
		<subfield code="c">1891 ;</subfield>
		<subfield code="a">[Baghdād] :</subfield>
		<subfield code="b">[Yuṭlab min maktabat al-Muthanná],</subfield>
		<subfield code="c">[196-]</subfield>
	</datafield>
	<datafield ind1=" " ind2=" " tag="300">
		<subfield code="a">online resource (373, viii pages)</subfield>
	</datafield>
	<datafield ind1=" " ind2=" " tag="336">
		<subfield code="a">text</subfield>
		<subfield code="2">rdacontent</subfield>
	</datafield>
	<datafield ind1=" " ind2=" " tag="337">
		<subfield code="a">computer</subfield>
		<subfield code="2">rdamedia</subfield>
	</datafield>
	<datafield ind1=" " ind2=" " tag="338">
		<subfield code="a">online resource</subfield>
		<subfield code="2">rdacarrier</subfield>
	</datafield>
	<datafield ind1="1" ind2=" " tag="490">
		<subfield code="a">Bibliotheca geographorum Arabicorum ;</subfield>
		<subfield code="v">7</subfield>
	</datafield>
	<datafield ind1=" " ind2=" " tag="500">
		<subfield code="a">Added t.p.: Kitāb al-aʻlâk an-nafisa VII, auctore Abû Alî Ahmedibn Omar ibn Rosten; et Kitâb al-boldân, auctore Ahmed ibn abî Jakûb ibn Wâhih al-Kâtib al-Jakûbî. Edit. secunda.</subfield>
	</datafield>
	<datafield ind1=" " ind2=" " tag="500">
		<subfield code="a">Edited by M.J. de Goege.</subfield>
	</datafield>
	<datafield ind1=" " ind2=" " tag="500">
		<subfield code="a">&quot;Kitāb al-buldān, taʼlīf Aḥmad ibn Abī Yaʻqūb ibn Wāḍiḥ al-kātib al-maʻrūf bi-al-Yaʻqūbī.&quot;: p. [232]-273.</subfield>
	</datafield>
	<datafield ind1=" " ind2=" " tag="500">
		<subfield code="a">Reprint.</subfield>
	</datafield>
	<datafield ind1=" " ind2=" " tag="500">
		<subfield code="a">Part of the Arabic Collections Online (ACO) project, contributed by Columbia University Libraries.</subfield>
	</datafield>
	<datafield ind1=" " ind2=" " tag="504">
		<subfield code="a">Includes bibliographical references.</subfield>
	</datafield>
	<datafield ind1=" " ind2=" " tag="533">
		<subfield code="a">Electronic reproduction.</subfield>
		<subfield code="b">New York, N.Y. :</subfield>
		<subfield code="c">New York University,</subfield>
		<subfield code="d">2017.</subfield>
		<subfield code="5">NNU</subfield>
	</datafield>
	<datafield ind1=" " ind2=" " tag="546">
		<subfield code="a">Introduction and footnotes in Latin.</subfield>
	</datafield>
	<datafield ind1=" " ind2="0" tag="650">
		<subfield code="a">Geography, Arab</subfield>
		<subfield code="v">Early works to 1800.</subfield>
	</datafield>
	<datafield ind1=" " ind2="7" tag="650">
		<subfield code="a">Geography, Arab.</subfield>
		<subfield code="2">fast</subfield>
		<subfield code="0">(OCoLC)fst00940571</subfield>
	</datafield>
	<datafield ind1=" " ind2="7" tag="655">
		<subfield code="a">Early works</subfield>
		<subfield code="2">fast</subfield>
		<subfield code="0">(OCoLC)fst01411636</subfield>
	</datafield>
	<datafield ind1="1" ind2=" " tag="700">
		<subfield code="a">Goeje, M. J. de</subfield>
		<subfield code="q">(Michael Jan),</subfield>
		<subfield code="d">1836-1909,</subfield>
		<subfield code="e">editor.</subfield>
	</datafield>
	<datafield ind1="1" ind2=" " tag="700">
		<subfield code="6">880-05</subfield>
		<subfield code="a">Yaʻqūbī, Aḥmad ibn Abī Yaʻqūb,</subfield>
		<subfield code="d">-897?</subfield>
		<subfield code="t">Kitāb al-buldān.</subfield>
	</datafield>
	<datafield ind1="2" ind2=" " tag="710">
		<subfield code="a">Columbia University.</subfield>
		<subfield code="b">Libraries.</subfield>
	</datafield>
	<datafield ind1="0" ind2=" " tag="730">
		<subfield code="a">Arabic Collections Online.</subfield>
	</datafield>
	<datafield ind1="0" ind2=" " tag="740">
		<subfield code="6">880-06</subfield>
		<subfield code="a">Aʻlāq al-nafīsah.</subfield>
	</datafield>
	<datafield ind1="0" ind2="2" tag="740">
		<subfield code="6">880-07</subfield>
		<subfield code="a">Kitāb al-buldān.</subfield>
	</datafield>
	<datafield ind1="0" ind2="8" tag="776">
		<subfield code="i">Online version:</subfield>
		<subfield code="a">Ibn Rustah, Aḥmad ibn ʻUmar, 9th/10th cent.</subfield>
		<subfield code="s">Aʻlāq al-nafīsah. mujallad 7.</subfield>
		<subfield code="t">Mujallad al-sābiʻ min kitāb al-Aʻlāq al-nafīsah.</subfield>
		<subfield code="b">Edit. 2.</subfield>
		<subfield code="d">[Baghdād : yuṭlab min maktabat al-Muthanná, 196-]</subfield>
		<subfield code="w">(OCoLC)744231638</subfield>
	</datafield>
	<datafield ind1="0" ind2="8" tag="776">
		<subfield code="i">Print version:</subfield>
		<subfield code="a">Ibn Rustah, Aḥmad ibn ʻUmar, active 9th century-10th century.</subfield>
		<subfield code="t">al-Mujallad al-sābiʻ min kitāb al-Aʻlāq al-nafīsah</subfield>
		<subfield code="w">(NNC)500477</subfield>
		<subfield code="w">(DLC)ne 68004741 </subfield>
		<subfield code="w">(OCoLC)10037070</subfield>
	</datafield>
	<datafield ind1=" " ind2="0" tag="830">
		<subfield code="a">Bibliotheca geographorum Arabicorum ;</subfield>
		<subfield code="v">7.</subfield>
	</datafield>
	<datafield ind1="4" ind2="0" tag="856">
		<subfield code="u">http://hdl.handle.net/2333.1/69p8d3s7</subfield>
	</datafield>
	<datafield ind1="1" ind2=" " tag="880">
		<subfield code="6">100-01</subfield>
		<subfield code="a">ابن رسته، أحمد بن عمر،</subfield>
		<subfield code="d">active 9th century-10th century.</subfield>
	</datafield>
	<datafield ind1="1" ind2="0" tag="880">
		<subfield code="6">240-02</subfield>
		<subfield code="a">أعلاق النفيسة.</subfield>
		<subfield code="k">Selections</subfield>
	</datafield>
	<datafield ind1="1" ind2="2" tag="880">
		<subfield code="6">245-03</subfield>
		<subfield code="a">المجلد السابع من كتاب الأعلاق النفيسة /</subfield>
		<subfield code="c">تصنيف أبي علي أحمد بن عمر بن رستة. كتاب البلدان / تأليف أحمد بن أبي يعقوب بن واضح الكاتب المعروف باليعقوبي.</subfield>
	</datafield>
	<datafield ind1=" " ind2=" " tag="880">
		<subfield code="6">260-04</subfield>
		<subfield code="a">ليدن :</subfield>
		<subfield code="b">مطبع بريل،</subfield>
		<subfield code="c">1891 ؛</subfield>
		<subfield code="a">[بغداد] :</subfield>
		<subfield code="b">[يطلب من مكتبة المثنى]،</subfield>
		<subfield code="c">[196-]</subfield>
	</datafield>
	<datafield ind1="1" ind2=" " tag="880">
		<subfield code="6">700-05</subfield>
		<subfield code="a">يعقوبي، احمد بن ابي يعقوب،</subfield>
		<subfield code="d">-897?</subfield>
		<subfield code="t">كتاب البلدان.</subfield>
	</datafield>
	<datafield ind1="0" ind2=" " tag="880">
		<subfield code="6">740-06</subfield>
		<subfield code="a">اعلاق النفيسة.</subfield>
	</datafield>
	<datafield ind1="0" ind2="2" tag="880">
		<subfield code="6">740-07</subfield>
		<subfield code="a">كتاب البلدان.</subfield>
	</datafield>
	<datafield ind1=" " ind2=" " tag="959">
		<subfield code="a">NNU</subfield>
		<subfield code="b">WEB</subfield>
		<subfield code="c">GENI</subfield>
		<subfield code="t">0</subfield>
		<subfield code="m">Electronic access</subfield>
		<subfield code="s">01</subfield>
	</datafield>
	<datafield ind1=" " ind2=" " tag="999">
		<subfield code="i">NNC_500477</subfield>
		<subfield code="o">(OCoLC)ocm10037070</subfield>
		<subfield code="s">columbia_aco002238</subfield>
		<subfield code="e">(ERROR-880)</subfield>
		<subfield code="s">columbia_aco002238</subfield>
	</datafield>
</record>
